@inproceedings{nbodycollisions,
    author = {Harada, Takahiro},
    booktitle = {GPU Gems 3},
    chapter = {29},
    editor = {Nguyen, Hubert},
    month = aug,
    publisher = {Addison Wesley Professional},
    title = {{Real-Time Rigid Body Simulation on GPUs}},
    year = {2007}
}
@MISC{eigenweb,
  author = {Ga\"{e}l Guennebaud and Beno\^{i}t Jacob and others},
  title = {Eigen v3},
  howpublished = {http://eigen.tuxfamily.org},
  year = {2010}
}

@inproceedings{uberflow,
 author = {Kipfer, Peter and Segal, Mark and Westermann, R\"{u}diger},
 title = {UberFlow: a GPU-based particle engine},
 booktitle = {Proceedings of the ACM SIGGRAPH/EUROGRAPHICS conference on Graphics hardware},
 series = {HWWS '04},
 year = {2004},
 pages = {115--122},
 publisher = {ACM},
 address = {New York, NY, USA},
} 

@INPROCEEDINGS{grape,
   author = {{Ebisuzaki}, T. and {Fukushige}, T. and {Funato}, Y. and {Makino}, J. and 
	{Taiji}, M. and {Hachisu}, I. and {Sugimoto}, D.},
    title = "{GRAPE: Special Purpose Computer for Gravitational N-body Simulations}",
booktitle = {American Astronomical Society Meeting Abstracts \#182},
     year = 1993,
   series = {Bulletin of the American Astronomical Society},
   volume = 25,
    month = may,
    pages = {813-+},
}

@inproceedings{cloth,
 author = {Zeller, Cyril},
 title = {Cloth simulation on the GPU},
 booktitle = {ACM SIGGRAPH 2005 Sketches},
 series = {SIGGRAPH '05},
 year = {2005},
 publisher = {ACM},
 address = {New York, NY, USA},
} 

@MISC{Seningood,
    author = {M. Senin and N. Kojekine and V. Savchenko and I. Hagiwara},
    title = {Particle-based Collision Detection},
    year = {2003}
}
@MISC{Bittner02hierarchicaltechniques,
    author = {Jiri Bittner and Pavel Slav√≠k Csc},
    title = {Hierarchical Techniques for Visibility Computations},
    year = {2002}
}
@INPROCEEDINGS{Moore88collisiondetection,
    author = {Matthew Moore and Jane Wilhelms},
    title = {Collision detection and response for computer animation},
    booktitle = {Computer Graphics},
    year = {1988},
    pages = {289--298}
}

@MISC{Jadbabaie02coordinationof,
    author = {A. Jadbabaie and J. Lin and A. S. Morse},
    title = {Coordination of Groups of Mobile Autonomous Agents Using Nearest Neighbor Rules},
    year = {2002}
}

@MISC{wheatchex,
    author = {J. Grant},
    title = {3D Elastic Collisions},
    url = "http://www.wheatchex.com/projects/collisions"
}

@INPROCEEDINGS{Zachmann02minimalhierarchical,
    author = {Gabriel Zachmann},
    title = {Minimal Hierarchical Collision Detection},
    booktitle = {IN PROC. VRST 2002},
    year = {2002},
    pages = {121--128},
    publisher = {ACM Press}
}
@inproceedings{performance-critical,
 author = {Castaldo, Anthony M. and Whaley, R. Clint},
 title = {Minimizing startup costs for performance-critical threading},
 booktitle = {Proceedings of the 2009 IEEE International Symposium on Parallel\&Distributed Processing},
 year = {2009},
 pages = {1--8},
 publisher = {IEEE Computer Society},
 address = {Washington, DC, USA},
} 

@BOOK{HS08,
  title = {The Art of Multiprocessor Programming},
  publisher = {Morgan Kaufmann Publishers},
  year = {2008},
  author = {Maurice Herlihy and Nir Shavit},
  address = {New York, NY, USA},
  isbn = {9780123705914}
}

@ARTICLE{Shavit11,
  author = {Nir Shavit},
  title = {Data Structures in the Multicore Age},
  journal = {Commun. ACM},
  year = {2011},
  volume = {54},
  pages = {76--84},
  month = mar,
  acmid = {1897873},
  address = {New York, NY, USA},
  doi = {http://doi.acm.org.ezproxy.lib.ucf.edu/10.1145/1897852.1897873},
  issn = {0001-0782},
  issue = {3},
  issue_date = {March 2011},
  numpages = {9},
  publisher = {ACM},
  url = {http://doi.acm.org.ezproxy.lib.ucf.edu/10.1145/1897852.1897873}
}

@INCOLLECTION{Dechev06,
  author = {Damian Dechev and Peter Pirkelbauer and Bjarne Stroustrup},
  title = {Lock-Free Dynamically Resizable Arrays},
  booktitle = {Principles of Distributed Systems},
  publisher = {Springer Berlin / Heidelberg},
  year = {2006},
  editor = {Shvartsman, Mariam},
  volume = {4305},
  series = {Lecture Notes in Computer Science},
  pages = {142-156},
  affiliation = {Texas A&M University, College Station, TX 77843-3112, USA},
  isbn = {978-3-540-49990-9},
  keyword = {Computer Science},
  url = {http://dx.doi.org/10.1007/11945529_11}
}